<?xml version="1.0" encoding="UTF-8"?><collection xmlns="http://www.loc.gov/MARC21/slim"><record><leader>00561nam--2200169-u-4500</leader><controlfield tag="001">000054376</controlfield><controlfield tag="002">20161230</controlfield><controlfield tag="005">20161230201051</controlfield><controlfield tag="008">111205s1000------------r-----000-0-eng-d</controlfield><datafield ind1=" " ind2=" " tag="040"><subfield code="a">IFIN-HH</subfield></datafield><datafield ind1=" " ind2=" " tag="080"><subfield code="a">539.12.162.8(061.3)</subfield></datafield><datafield ind1="1" ind2=" " tag="110"><subfield code="a">Obiedinennii Institut Iadernih Issledovanii</subfield></datafield><datafield ind1="1" ind2="0" tag="245"><subfield code="a">Materiali mejdunarodnoi konferentii po fizike visokih energii</subfield><subfield code="b">The xv-th international conference on high energy physics, kiev, october 10, 1970</subfield></datafield><datafield ind1=" " ind2=" " tag="260"><subfield code="a">Kiev</subfield><subfield code="b">Naukova Dumka</subfield><subfield code="c">1970</subfield></datafield><datafield ind1=" " ind2=" " tag="300"><subfield code="a">597P</subfield></datafield><datafield ind1=" " ind2=" " tag="852"><subfield code="a">45913</subfield><subfield code="c">539.12</subfield></datafield><datafield ind1=" " ind2=" " tag="CAT"><subfield code="a">Sys</subfield><subfield code="c">20111205</subfield><subfield code="h">132532</subfield></datafield></record></collection>